Academic References

@book{bollerslev_garch_1986,
    title = {Generalized autoregressive conditional heteroskedasticity},
    author = {Bollerslev, T.},
    journal = {Journal of Econometrics},
    volume = {31},
    number = {3},
    pages = {307-327},
    year = {1986}
}

@article{diebold_yilmaz_2012,
    title = {Better to give than to receive: Predictive directional measurement of volatility spillovers},
    author = {Diebold, F. X. and Yilmaz, K.},
    journal = {International Journal of Forecasting},
    volume = {28},
    number = {1},
    pages = {57-66},
    year = {2012}
}

@article{engle_arch_1982,
    title = {Autoregressive conditional heteroskedasticity with estimates of the variance of United Kingdom inflation},
    author = {Engle, R. F.},
    journal = {Econometrica},
    volume = {50},
    number = {4},
    pages = {987-1007},
    year = {1982}
}

@article{giglio_kelly_2023,
    title = {Volatility and macroeconomic uncertainty},
    author = {Giglio, S. and Kelly, B.},
    journal = {Journal of Financial Economics},
    volume = {148},
    number = {2},
    pages = {320-341},
    year = {2023}
}

@article{hamilton_markov_1989,
    title = {A new approach to the economic analysis of nonstationary time series and the business cycle},
    author = {Hamilton, J. D.},
    journal = {Econometrica},
    volume = {57},
    number = {2},
    pages = {357-384},
    year = {1989}
}

@book{kaufman_clustering_1990,
    title = {Finding groups in data: An introduction to cluster analysis},
    author = {Kaufman, L. and Rousseeuw, P. J.},
    publisher = {John Wiley & Sons},
    year = {1990}
}

@book{lopez_de_prado_2018,
    title = {Advances in financial machine learning},
    author = {Lopez de Prado, M.},
    publisher = {Wiley},
    year = {2018}
}

@book{tsay_financial_2005,
    title = {Analysis of financial time series},
    author = {Tsay, R. S.},
    publisher = {Wiley},
    year = {2005}
}

Methodological and Machine Learning References

@book{hastie_elements_2009,
    title = {The elements of statistical learning: Data mining, inference, and prediction},
    author = {Hastie, T. and Tibshirani, R. and Friedman, J.},
    publisher = {Springer},
    year = {2009}
}

@book{murphy_machine_2012,
    title = {Machine learning: A probabilistic perspective},
    author = {Murphy, K. P.},
    publisher = {MIT Press},
    year = {2012}
}

@book{bishop_pattern_2006,
    title = {Pattern recognition and machine learning},
    author = {Bishop, C. M.},
    publisher = {Springer},
    year = {2006}
}

@article{pedregosa_scikit-learn_2011,
    title = {Scikit-learn: Machine learning in Python},
    author = {Pedregosa, F. and others},
    journal = {Journal of Machine Learning Research},
    volume = {12},
    pages = {2825-2830},
    year = {2011}
}

@inproceedings{kingma_adam_2015,
    title = {Adam: A method for stochastic optimization},
    author = {Kingma, D. P. and Ba, J.},
    booktitle = {International Conference on Learning Representations (ICLR)},
    year = {2015}
}

Financial Market Data and Macroeconomic References

@misc{fred_data_2023,
    title = {U.S. Macroeconomic Indicators},
    author = {Federal Reserve Economic Data (FRED)},
    year = {2023},
    url = {https://fred.stlouisfed.org}
}

@misc{bloomberg_terminal_2023,
    title = {Market Indices and Financial Time Series},
    author = {Bloomberg Terminal Data},
    year = {2023}
}

@misc{world_bank_2023,
    title = {Global Economic Indicators},
    author = {World Bank},
    year = {2023},
    url = {https://data.worldbank.org}
}

@misc{imf_weo_2023,
    title = {World Economic Outlook},
    author = {International Monetary Fund (IMF)},
    year = {2023},
    url = {https://www.imf.org/en/Publications/WEO}
}